@misc{bib:globo2017,
	Author = {Jornal Globo},
	Date-Added = {2013-03-23 21:39:21 +0000},
	Date-Modified = {2015-04-27 22:43:06 +0000},
	Title = {Indústria de games e aplicativos continua crescendo no Brasil},
	Urlaccessdate = {28 fev 2018},
	Year = {2017},
	Url = {http://g1.globo.com/jornal-da-globo/noticia/2015/04/industria-de-games-e-aplicativos-continua-crescendo-no-brasil.html}}

@book{bib:tori2010,
	Author = {Romero Tori},
	Date-Added = {2013-03-23 21:39:21 +0000},
	Date-Modified = {2015-04-27 22:43:06 +0000},
	Address = {São Paulo},
	Publisher = {Senac},
	Keywords = {aprendizagem},
	Title = {Educação sem distância: as tecnologias interativas na redução de distâncias em ensino e aprendizagem},
	Year = {2010}}

@misc{bib:bb2016,
	Author = {Givanaldo Souza and Samuel Branco and Luiz Alves and Luiz Filho and Victor Barros and Luccas Gomes},
	Date-Added = {2013-03-23 21:39:21 +0000},
	Date-Modified = {2015-04-27 22:43:06 +0000},
	Title = {Brasil Ball -- A Jornada: um jogo digital sobre a História do Brasil},
	Keywords = {sbgames2016},
	Urlaccessdate = {28 fev 2018},
	Year = {2016},
	Url = {http://www.sbgames.org/sbgames2016/downloads/anais/157504.pdf}}	

@misc{bib:cs2016,
	Author = {Fábio Marcolino and André Battaiola},
	Date-Added = {2013-03-23 21:39:21 +0000},
	Date-Modified = {2015-04-27 22:43:06 +0000},
	Title = {Elementos para storytelling em jogos eletrônicos sem cutscenes},
	Keywords = {sbgames2016},
	Urlaccessdate = {28 fev 2018},
	Year = {2016},
	Url = {http://www.sbgames.org/sbgames2016/downloads/anais/157375.pdf}}

@misc{bib:ribeiro2013,
	Author = {Gledson Ribeiro and Natacha Fernandes},
	Date-Added = {2013-03-23 21:39:21 +0000},
	Date-Modified = {2015-04-27 22:43:06 +0000},
	Title = {O design e a jogabilidade: Em busca do diferencial no game design},
	Keywords = {sbgames2013},
	Urlaccessdate = {28 fev 2018},
	Year = {2013},
	Url = {http://www.sbgames.org/sbgames2013/proceedings/artedesign/01-dt-short.pdf}}

@book{bib:spring2015,
	Author = {Dawn Spring},
	Date-Added = {2013-03-23 21:39:21 +0000},
	Date-Modified = {2015-04-27 22:43:06 +0000},
	Title = {Gaming history: computer and video games as historical scholarship},
	Year = {2015},
	Publisher = {Rethinking History},
	Pages = {207--221}}
	
@misc{bib:teixeira2016,
	Author = {Rangel Teixeira and Gilberto Oliveira and Lavoizie Guimarães and Tiago Araújo and Manoel Filho},
	Title = {Game Marabá: projeto, implementação, e avaliação de um jogo educativo para auxilio no ensino de Estudos Amazônicos},
	Keywords = {sbgames2013},
	Urlaccessdate = {28 fev 2018},
	Year = {2016},
	Url = {http://www.sbgames.org/sbgames2016/downloads/anais/157311.pdf}}	

@misc{bib:oliveira2017,
	Author = {Gilberto Oliveira and Denison Resplandes and Caíque Silva and Adriano Sousa and Tiago Araújo and Janaílson Luiz and Manoel Filho},
	Title = {Guerrilha do Araguaia: A Atuação do Guerrilheiro Osvaldão em um Jogo de Plataforma que conta um Episódio Histórico Pouco Conhecido},
	Keywords = {sbgames2017},
	Urlaccessdate = {28 fev 2018},
	Year = {2017},
	Url = {https://www.sbgames.org/sbgames2017/papers/CULTURA/SHORT_PAPERS/175172_2_versao_preliminar.pdf}}

@misc{bib:motta2013,
	Author = {Rodrigo Motta and José Junior},
	Title = {Short game design document (SGDD)},
	Keywords = {sbgames2013},
	Urlaccessdate = {28 fev 2018},
	Year = {2013},
	Url = {http://www.sbgames.org/sbgames2013/proceedings/artedesign/15-dt-paper_SGDD.pdf}}

@misc{bib:godoi2013,
	Author = {Patricia Leite and Vinícius Godoi},
	Title = {Diretrizes para Game Design de Jogos Educacionais},
	Keywords = {sbgames2013},
	Urlaccessdate = {28 fev 2018},
	Year = {2013},
	Url = {http://www.sbgames.org/sbgames2013/proceedings/artedesign/17-dt-paper.pdf}}

@book{bib:schuytema2008,
	Author = {P. Schuytema},
	Date-Added = {2013-03-23 21:39:21 +0000},
	Date-Modified = {2015-04-27 22:43:06 +0000},
	Title = {Design de Games: Uma Abordagem Prática},
	Address = {São Paulo},
	Publisher = {Cengage Learning},
	Keywords = {games},
	Year = {2008}}

@misc{bib:medeiros2012,
	Author = {Maxwell Medeiros and Juliano Schimiguel},
	Title = {Uma Abordagem Para Avaliação De Jogos Educativos: Ênfase No Ensino Fundamental},
	Keywords = {sbie2012},
	Urlaccessdate = {28 fev 2018},
	Year = {2012},
	Url = {http://www.lbd.dcc.ufmg.br/colecoes/sbie/2012/00122.pdf}}

@book{bib:salen2012,
	Author = {K. Salen and E. Zimmerman},
	Date-Added = {2013-03-23 21:39:21 +0000},
	Date-Modified = {2015-04-27 22:43:06 +0000},
	Address = {São Paulo},
	Publisher = {Blucher},
	Keywords = {design jogos},
	Title = {Regras do jogo: fundamentos do design de jogos},
	Year = {2012}}

@misc{bib:lopes2016,
	Author = {Adalberto Lopes and Felipe Breyer and Judith Kelner},
	Title = {Mapeamento das percepções das interações dos usuários em jogos de ação e aventura com dinâmica 2D e 3D},
	Keywords = {sbgames2016},
	Urlaccessdate = {28 fev 2018},
	Year = {2016},
	Url = {http://www.sbgames.org/sbgames2016/downloads/anais/157547.pdf}}

@misc{bib:neves2012,
	Author = {Isa Neves and Lynn Alves and Abelmon Bastos},
	Title = {Jogos digitais e a História: desafios e possibilidades},
	Keywords = {sbgames2012},
	Urlaccessdate = {28 fev 2018},
	Year = {2012},
	Url = {http://sbgames.org/sbgames2012/proceedings/papers/cultura/C_S17.pdf}}

@misc{bib:cassol2016,
	Author = {Vinícius Cassol and aaa and aaaaa and aaaa},
	Title = {Sete Povos: Games e Realidade Virtual para contar a história das Missões Jesuíticas no Brasil},
	Keywords = {sbgames2016},
	Urlaccessdate = {28 fev 2018},
	Year = {2016},
	Url = {http://www.sbgames.org/sbgames2016/downloads/anais/157569.pdf}}

@book{bib:jofilly2008,
	Author = {Bernardo Joffily},
	Date-Added = {2013-03-23 21:39:21 +0000},
	Date-Modified = {2015-04-27 22:43:06 +0000},
	Address = {São Paulo},
	Publisher = {Expressão Popular},
	Keywords = {historia},
	Title = {Osvaldão e a saga do Araguaia},
	Year = {2008}}

@book{bib:glenio1990,
	Author = {Glênio Sá},
	Address = {São Paulo},
	Title = {Araguaia Relato de um Guerrilheiro},
	Edition = {1ª},
	Year = {1990},
	Publisher = {Anita Garibaldi},
}	

@book{bib:silva2012,
	Author = {Tais Morais and Eumano da Silva},
	Address = {São Paulo},
	Title = {Operação Araguaia: os arquivos secretos da guerrilha},
	Edition = {1ª},
	Year = {2012},
	Publisher = {Geração Editorial},
}
	
@misc{bib:machado2014,
	Author = {Renata Machado},
	Title = {Fator diversão na produção de um jogo eletrônico educativo},
	Keywords = {sbgames2014},
	Urlaccessdate = {28 fev 2018},
	Url = {http://www.sbgames.org/sbgames2014/files/papers/culture/full/Cult_Full_Fator%20diversao%20na%20producao%20de%20jogo.pdf},
	Year = {2014}}

@misc{bib:denardi2014,
	Author = {Daniel Denardi and Luciana Frigo and Eliane Pozzebon},
	Title = {Roteirização em Games: uma breve análise sobre as iniciativas atuais},
	Keywords = {sbgames2014},
	Urlaccessdate = {28 fev 2018},
	Url = {http://www.sbgames.org/sbgames2014/files/papers/culture/full/Cult_Full_Roteirizacao%20em%20Games.pdf},
	Year = {2014}}

@book{bib:prensky2012,
	Author = {M. Prensky},
	Date-Added = {2013-03-23 21:39:21 +0000},
	Date-Modified = {2015-04-27 22:43:06 +0000},
	Address = {São Paulo},
	Publisher = {Senac},
	Keywords = {jogos digitais},
	Title = {Aprendizagem baseada em jogos digitais},
	Year = {2012}}

@book{bib:novak2010,
	Author = {Jeannie NOVAK},
	Date-Added = {2013-03-23 21:39:21 +0000},
	Date-Modified = {2015-04-27 22:43:06 +0000},
	Publisher = {Cengage Learning},
	Title = {Game Development Essentials: An introduction},
	Edition = {3rd},
	Year = {2010}}

@misc{bib:makehuman2018,
	Author = {Makehuman},
	Date-Added = {2013-03-23 21:39:21 +0000},
	Date-Modified = {2015-04-27 22:43:06 +0000},
	Title = {Site Makehuman},
	Keywords = {human},
	Urlaccessdate = {28 fev 2018},
	Year = {2018},
	Url = {http://www.makehuman.org/index.php}}

@misc{bib:blender2018,
	Author = {Blender},
	Date-Added = {2013-03-23 21:39:21 +0000},
	Date-Modified = {2015-04-27 22:43:06 +0000},
	Title = {Site Blender},
	Keywords = {blender},
	Urlaccessdate = {28 fev 2018},
	Year = {2018},
	Url = {https://www.blender.org/}}

@misc{bib:gimp2018,
	Author = {GIMP},
	Date-Added = {2013-03-23 21:39:21 +0000},
	Date-Modified = {2015-04-27 22:43:06 +0000},
	Title = {Site GIMP},
	Keywords = {gimp},
	Urlaccessdate = {28 fev 2018},
	Year = {2018},
	Url = {https://www.gimp.org/}}

@misc{bib:inkscape2016,
	Author = {Inkscape},
	Date-Added = {2013-03-23 21:39:21 +0000},
	Date-Modified = {2015-04-27 22:43:06 +0000},
	Title = {Site Inkscape},
	Keywords = {scape},
	Urlaccessdate = {28 fev 2018},
	Year = {2018},
	Url = {https://www.inkscape.org/}}

@misc{bib:unity2018,
	Author = {Unity},
	Date-Added = {2013-03-23 21:39:21 +0000},
	Date-Modified = {2015-04-27 22:43:06 +0000},
	Title = {Site Unity},
	Keywords = {game},
	Urlaccessdate = {28 fev 2018},
	Year = {2018},
	Url = {http://www.unity3d.com/unity}}

@misc{bib:savi2011,
	Author = {Rafael Savi},
	Date-Added = {2013-03-23 21:39:21 +0000},
	Date-Modified = {2015-04-27 22:43:06 +0000},
	Title = {Avaliação de jogos voltados para a disseminação do conhecimento},
	Address = {Ulbrich -- Florianópolis, SC},
	Year = {2011},
	Url = {https://repositorio.ufsc.br/bitstream/handle/123456789/96046/299498.pdf?sequence},
	Urlaccessdate = {28 fev 2018}}

@misc{bib:guterres2017,
	Author = {João Pedro Dewes Guterres and Milene Selbach Silveira},
	Date-Added = {2013-03-23 21:39:21 +0000},
	Date-Modified = {2015-04-27 22:43:06 +0000},
	Title = {Um Framework para Apoio à Reflexão sobre o Processo de Produção de Objetos de Aprendizagem},
	Keywords = {cbie2018},
	Urlaccessdate = {28 ago 2018},
	Year = {2017},
	Url = {http://www.br-ie.org/pub/index.php/sbie/article/view/7557/5353}}
